% 引用的是RFC正式提案
@misc{rfc3550,
  author       = {H. Schulzrinne and S. Casner and R. Frederick and V. Jacobson},
  title        = {{RTP: A Transport Protocol for Real-Time Applications}},
  howpublished = {RFC 3550},
  year         = {2003},
  note         = {\url{https://www.rfc-editor.org/info/rfc3550}},
}

% 引用的是技術規格書
@techreport{srt-protocol,
  author       = {Haivision},
  title        = {SRT Protocol Specification 1.4},
  institution  = {Haivision},
  year         = {2018},
  url          = {https://www.srtalliance.org/specifications},
  urldate      = {2025-04-16},
  type         = {Technical Specification}
}

% 引用的是網站
@online{gstreamer-gitlab,
  author       = {{GStreamer Project}},
  title        = {GStreamer GitLab Repository},
  year         = {2025},
  url          = {https://gitlab.freedesktop.org/gstreamer},
  urldate      = {2025-04-16},
  note         = {Accessed on GitLab}
}

% 引用的是公開論文
@article{hoang2018dynamic,
  author       = {D. T. Hoang and D. Niyato and D. N. Nguyen and E. Dutkiewicz and P. Wang and Z. Han},
  title        = {A dynamic edge caching framework for mobile 5G networks},
  journal      = {IEEE Wireless Communications},
  volume       = {25},
  number       = {5},
  pages        = {95--103},
  year         = {2018},
  doi          = {10.1109/MWC.2018.1700360},
  note         = {\url{https://ieeexplore.ieee.org/document/8443597}},
}
